@article{Fikes71,
  author = {Fikes, Richard E. and Nilsson, Nils J.},
  journal = {Artificial Intelligence},
  keywords = {planning},
  pages = 189,
  timestamp = {2006-04-05T23:23:26.000+0200},
  title = {STRIPS: A new Approach to the Application of Theorem Proving to Problem Solving},
  volume = 2,
  year = 1971
}

@article{Browne12,
  author = {Browne, Cameron and Powley, Edward Jack and Whitehouse, Daniel and Lucas, Simon M. and Cowling, Peter I. and Rohlfshagen, Philipp and Tavener, Stephen and Liebana, Diego Perez and Samothrakis, Spyridon and Colton, Simon},
  ee = {http://dx.doi.org/10.1109/TCIAIG.2012.2186810},
  journal = {IEEE Trans. Comput. Intellig. and AI in Games},
  keywords = {dblp},
  number = 1,
  pages = {1-43},
  title = {A Survey of Monte Carlo Tree Search Methods.},
  url = {http://dblp.uni-trier.de/db/journals/tciaig/tciaig4.html#BrownePWLCRTPSC12},
  volume = 4,
  year = 2012
}

@inproceedings{blum95,
  author = {Blum, Avrim and Furst, Merrick L.},
  booktitle = {IJCAI},
  date = {2002-01-03},
  keywords = {1995 ais-07w graph graphplan planning},
  pages = {1636--1642},
  title = {Fast Planning Through Planning Graph Analysis.},
  url = {http://dblp.uni-trier.de/db/conf/ijcai/ijcai95.html#BlumF95},
  year = 1995
}

@misc{Ghallab98,
  author = {Ghallab, M. and Howe, A. and Knoblock, C. and Mcdermott, D. and Ram, A. and Veloso, M. and Weld, D. and Wilkins, D.},
  url = {http://citeseerx.ist.psu.edu/viewdoc/summary?doi=10.1.1.37.212},
  keywords = {pddl, planning},
  title = {{PDDL - The Planning Domain Definition Language}},
  url = {http://citeseerx.ist.psu.edu/viewdoc/summary?doi=10.1.1.37.212},
  year = 1998
}

@inproceedings{Pednault89b,
  author = {Pednault, E. P. D.},
  booktitle = {Proc.\ First International Conf.\ on Principles of Knowledge  Representation and Reasoning},
  keywords = {imported ml},
  pages = {324--332},
  title = {{ADL}: Exploring the Middle Ground Between {STRIPS} and the Situation Calculus},
  year = 1989
}

@book{Norvig09,
  author = {Russell, Stuart Jonathan and Peter Norvig},
  title = {Artificial intelligence: a modern approach (3rd edition)},
  publisher = "{Pearson}",
  year = 2009	
}

@article{Silver16,
  author = {Silver, David and Huang, Aja and Maddison, Chris J and Guez, Arthur and Sifre, Laurent and Van Den Driessche, George and Schrittwieser, Julian and Antonoglou, Ioannis and Panneershelvam, Veda and Lanctot, Marc and {others}},
  journal = {Nature},
  keywords = {Artificial Intelligence, Learning, Machine deep gameplay, learning, networks neural},
  number = 7587,
  pages = {484--489},
  title = {Mastering the game of {Go} with deep neural networks and tree search},
  volume = 529,
  year = 2016
}

@article{Tate76,
  author = {Tate, A},
  journal = {D.A.I. Research Report No. 25, Department of Artificial Intelligence, University of Edinburgh},
  title = {Project Planning Using a Hierarchic Non-linear Planner},
  url = {http://www.aiai.ed.ac.uk/project/nonlin/1976-dai-memo25-tate-nonlin.pdf},
  year = 1976
}

@inproceedings{McARos91a,
  author = {McAllester, D. and Rosenblitt, D.},
  booktitle = {Proc.\ 9th National Conference on Artificial Intelligence},
  keywords = {SNLP ml},
  pages = {634--639},
  title = {Systematic Nonlinear Planning},
  year = 1991
}

@inproceedings{Nguyen01,
 author = {Nguyen, XuanLong and Kambhampati, Subbarao},
 title = {Reviving Partial Order Planning},
 booktitle = {Proceedings of the 17th International Joint Conference on Artificial Intelligence - Volume 1},
 series = {IJCAI'01},
 year = {2001},
 isbn = {1-55860-812-5, 978-1-558-60812-2},
 location = {Seattle, WA, USA},
 pages = {459--464},
 numpages = {6},
 url = {http://dl.acm.org/citation.cfm?id=1642090.1642153},
 acmid = {1642153},
 publisher = {Morgan Kaufmann Publishers Inc.},
 address = {San Francisco, CA, USA},
} 

@inproceedings{GereviniS02,
  author = {Gerevini, Alfonso and Serina, Ivan},
  booktitle = {AIPS},
  isbn = {1-57735-142-8},
  pages = {13-22},
  publisher = {AAAI},
  timestamp = {2012-12-14T11:44:33.000+0100},
  title = {LPG: A Planner Based on Local Search for Planning Graphs with Action Costs.},
  url = {http://dblp.uni-trier.de/db/conf/aips/aips2002.html#GereviniS02},
  year = 2002
}

@incollection{Silver10,
  title = {Monte-Carlo Planning in Large POMDPs},
  author = {Silver, David and Veness, Joel},
  booktitle = {Advances in Neural Information Processing Systems 23},
  editor = {J. D. Lafferty and C. K. I. Williams and J. Shawe-Taylor and R. S. Zemel and A. Culotta},
  pages = {2164--2172},
  year = {2010},
  publisher = {Curran Associates, Inc.},
  url = {http://papers.nips.cc/paper/4031-monte-carlo-planning-in-large-pomdps.pdf}
}








